@MISC{aes,
  author = {Diego Russo, Flavio Vella, Osvaldo Gervasi},
  title = {The AES implementation based on OpenCL for multi/many core architecture},
  year = {2009},
}
