%% start of file `jdoe_publications.bib'.
%% Copyright 2006 Xavier Danaux (xdanaux<AT>gmail.com).
%
% This work may be distributed and/or modified under the
% conditions of the LaTeX Project Public License version 1.3c,
% available at http://www.latex-project.org/lppl/.

@MISC{aes,
  author = {Diego Russo, Flavio Vella, Osvaldo Gervasi,},
  title = {The AES implementation based on OpenCL for multi/many core architecture},
  year = {2009},
}


%% end of file `jdoe_publications.bib'.